% Encoding: UTF-8

@InBook{GreenEquation,
  pages     = {342},
  title     = {《场论（上）》},
  publisher = {地质出版社},
  year      = {1983},
  author    = {张秋光},
  editor    = {第一版},
}

@Comment{jabref-meta: databaseType:bibtex;}
