@article{RN18,
   author = {车丽萍 and 余永富},
   title = {我国稀土矿选矿生产现状及选矿技术发展 %J 稀土},
   number = {01},
   pages = {95-102},
   ISSN = {1004-0277},
   year = {2006},
   type = {Journal Article}
}

@article{RN49,
   author = {陈健 and 吴楠},
   title = {世界稀土资源现状分析与我国稀土资源可持续发展对策 %J 农业现代化研究},
   volume = {33},
   number = {01},
   pages = {74-77},
   ISSN = {1000-0275},
   year = {2012},
   type = {Journal Article}
}

@article{RN4,
   author = {陈丽杰 and 李子良 and 龚傲 and 田磊 and 徐志峰},
   title = {从稀土废料中回收稀土的研究进展 %J 中国稀土学报},
   volume = {37},
   number = {03},
   pages = {259-272},
   ISSN = {1000-4343},
   year = {2019},
   type = {Journal Article}
}

@article{RN13,
   author = {陈占恒},
   title = {稀土新材料及其在高技术领域的应用 %J 稀土},
   number = {01},
   pages = {55-59},
   ISSN = {1004-0277},
   year = {2000},
   type = {Journal Article}
}

@article{RN5,
   author = {程建忠 and 车丽萍},
   title = {中国稀土资源开采现状及发展趋势 %J 稀土},
   volume = {31},
   number = {02},
   pages = {65-69+85},
   ISSN = {1004-0277},
   year = {2010},
   type = {Journal Article}
}

@article{RN16,
   author = {邓汝温 and 张仲生},
   title = {稀土药物和药学性质 %J 稀土},
   number = {03},
   pages = {36-47},
   ISSN = {1004-0277},
   year = {1987},
   type = {Journal Article}
}

@article{RN52,
   author = {邓永和},
   title = {稀土镁合金研究现状与发展趋势 %J 稀土},
   volume = {30},
   number = {01},
   pages = {76-79},
   ISSN = {1004-0277},
   year = {2009},
   type = {Journal Article}
}

@article{RN33,
   author = {傅太宇 and 李葆华 and 董晓燕 and 许龙},
   title = {我国稀土矿床分布、分类及特征分析 %J 河南科技},
   number = {14},
   pages = {124-126},
   ISSN = {1003-5168},
   year = {2015},
   type = {Journal Article}
}

@article{RN15,
   author = {郭伯生},
   title = {稀土在生物领域中应用研究进展 %J 稀土},
   number = {01},
   pages = {68-72},
   ISSN = {1004-0277},
   year = {1999},
   type = {Journal Article}
}

@article{RN19,
   author = {郭伯生 and 熊炳昆 and 胡朝浦 and 郑伟 and 陈惠芳 and 赖远生 and 张远林 and 胡莉茵},
   title = {稀土在农牧业中的应用概况和研究工作的最新进展 %J 稀土},
   number = {06},
   pages = {37-43},
   ISSN = {1004-0277},
   year = {1993},
   type = {Journal Article}
}

@article{RN42,
   author = {郭旭涛 and 李培杰 and 刘树勋 and 曾大本},
   title = {稀土耐热镁合金发展现状及展望 %J 铸造},
   number = {02},
   pages = {68-71},
   ISSN = {1001-4977},
   year = {2002},
   type = {Journal Article}
}

@article{RN50,
   author = {胡伯平},
   title = {稀土永磁材料的现状与发展趋势 %J 磁性材料及器件},
   volume = {45},
   number = {02},
   pages = {66-77+80},
   ISSN = {1001-3830},
   year = {2014},
   type = {Journal Article}
}



@article{RN40,
   author = {黄小卫 and 李红卫 and 王彩凤 and 王国珍 and 薛向欣 and 张国成},
   title = {我国稀土工业发展现状及进展 %J 稀有金属},
   number = {03},
   pages = {279-288},
   ISSN = {0258-7076},
   year = {2007},
   type = {Journal Article}
}



@article{RN48,
   author = {黄小卫 and 张永奇 and 李红卫},
   title = {我国稀土资源的开发利用现状与发展趋势 %J 中国科学基金},
   volume = {25},
   number = {03},
   pages = {134-137},
   ISSN = {1000-8217},
   year = {2011},
   type = {Journal Article}
}



@article{RN3,
   author = {李振宏，伍虹},
   title = {我国稀土应用的现状与前景 %J 稀土},
   number = {06},
   pages = {48-53},
   ISSN = {10040277},
   year = {1996},
   type = {Journal Article}
}

@article{RN8,
   author = {李振民 and 刘一力 and 李平 and 张莉 and 张安文 and 林东鲁},
   title = {世界稀土供应趋势分析 %J 稀土},
   volume = {37},
   number = {06},
   pages = {146-154},
   ISSN = {1004-0277},
   year = {2016},
   type = {Journal Article}
}


@article{RN1,
   author = {刘慧芳},
   title = {我国稀土出口贸易中利益相关方博弈分析 %J 财贸经济},
   number = {09},
   pages = {85-91+136},
   ISSN = {1002-8102},
   year = {2011},
   type = {Journal Article}
}

@article{RN34,
   author = {刘余九},
   title = {中国稀土产业现状及发展的主要任务 %J 中国稀土学报},
   number = {03},
   pages = {257-263},
   ISSN = {1000-4343},
   year = {2007},
   type = {Journal Article}
}


@article{RN41,
   author = {唐任远},
   title = {稀土永磁电机发展综述 %J 电气技术},
   number = {04},
   pages = {1-6},
   ISSN = {1673-3800},
   year = {2005},
   type = {Journal Article}
}


@article{RN32,
   author = {王玉珍},
   title = {我国稀土产业政策效果实证研究 %J 宏观经济研究},
   number = {02},
   pages = {39-49},
   ISSN = {1008-2069},
   year = {2015},
   type = {Journal Article}
}

@article{RN7,
   author = {吴迪 and 钱贵霞},
   title = {中国稀土产业经济研究现状与发展趋势分析 %J 稀土},
   volume = {35},
   number = {05},
   pages = {104-112},
   ISSN = {1004-0277},
   year = {2014},
   type = {Journal Article}
}


@article{RN37,
   author = {辛明德 and 吉泽升},
   title = {稀土元素在铸造镁合金中应用的研究现状及其发展趋势 %J 中国稀土学报},
   volume = {28},
   number = {06},
   pages = {643-653},
   ISSN = {1000-4343},
   year = {2010},
   type = {Journal Article}
}

@article{RN2,
   author = {熊家齐},
   title = {全球稀土市场现状及发展趋势 %J 稀土},
   number = {03},
   pages = {98-101},
   ISSN = {1004-0277},
   year = {2006},
   type = {Journal Article}
}


@article{RN6,
   author = {杨斌清 and 张贤平},
   title = {世界稀土生产与消费结构分析 %J 稀土},
   volume = {35},
   number = {01},
   pages = {110-118},
   ISSN = {1004-0277},
   year = {2014},
   type = {Journal Article}
}


@article{RN46,
   author = {余强国 and 翁国庆},
   title = {稀土镁合金的发展、应用及开发 %J 稀有金属与硬质合金},
   number = {03},
   pages = {36-38+45},
   ISSN = {1004-0536},
   year = {2006},
   type = {Journal Article}
}

@article{RN9,
   author = {张臻悦 and 何正艳 and 徐志高 and 余军霞 and 张越非 and 池汝安},
   title = {中国稀土矿稀土配分特征 %J 稀土},
   volume = {37},
   number = {01},
   pages = {121-127},
   ISSN = {1004-0277},
   year = {2016},
   type = {Journal Article}
}


@article{RN39,
  title={中国稀土矿资源成矿地质特征与资源潜力分析},
  author={李童斐 and 夏庆霖 and 汪新庆 and 刘岳 and 常力恒 and 冷帅},
  journal={地学前缘},
  number={3},
  year={2018},
}

@inproceedings{RN55,
  title={稀土在钢铁中应用现状和发展趋势},
  author={夏国金},
  booktitle={第十二届中国稀土企业家联谊会会议论文集},
  year={2008},
}
