% Encoding: UTF-8

@Article{,
  author  = {曾昭发，陈　雄，李　静，李桐林，张良怀},
  title   = {地热地球物理勘探新进展},
  journal = {地球物理学进展，2012，27（1）},
  year    = {2012},
}

@InBook{,
  chapter   = {第四章，电磁感应法},
  pages     = {135},
  title     = {电磁感应法},
  publisher = {地质出版社},
  year      = {2005},
  author    = {刘国兴},
  editor    = {2015年第一版},
}

@Article{,
  author  = {严小丽,王光杰,何国丽,李红领,康慧敏},
  title   = {AMT方法在鳌山卫花岗岩地区深部地热构造勘探中的应用},
  journal = {地球物理学进展},
  year    = {2019-04-03},
}

@Article{,
  author  = {周超,王光杰,林方丽,何国丽},
  title   = {花岗岩地区深部地热构造电磁法探测研究——以福建龙海地区为例[J/OL},
  journal = {地球物理学进展},
  year    = {2017},
}

@Article{,
  author  = {胥博文,刘志龙,叶高峰,石峰,朱怀亮,张敏,王兴元},
  title   = {宁河凸起地热资源远景区评价分析——来自大地电磁测深法的证据[J},
  journal = {宁河凸起地热资源远景区评价分析——来自大地电磁测深法的证据[J},
  year    = {2017},
}

@Article{,
  author  = {雷晓东,杨全合,李晨,杜丽娜,石涵静,何祎},
  title   = {用广域电磁法勘查深层地热资源[J},
  journal = {物探与化探},
  year    = {2016},
}

@Article{,
  author  = {李建慧,曹晓峰,凌成鹏,姜志海,刘亚军,韩波,胡祥云},
  title   = {北京凤河营地热田东北部综合地球物理勘探[J},
  journal = {物探与化探},
  year    = {2013},
}

@Article{,
  author  = {郭守鋆,李百祥,周小波,何长英,李威,张树恒,李振萍},
  title   = {瞬变电磁法勘探的地电模型及其成功案例分析[J},
  journal = {地球物理学进展},
  year    = {2013},
}

@Article{,
  author  = {薛建球,甘斌,李百祥,王志林},
  title   = {青海共和—贵德盆地增强型地热系统(干热岩)地质—地球物理特征},
  journal = {物探与化探},
  year    = {2013,37(01)},
}

@Article{,
  author  = {郭守鋆,李百祥,周小波,何长英,李威,张树恒,李振萍},
  title   = {电法在甘子河断裂对流型地热资源勘查中的应用[J},
  journal = {物探与化探},
  year    = {2013,37(01)},
}

@Comment{jabref-meta: databaseType:bibtex;}
